@misc{England.budget.2017,
  url = {https://www.gov.uk/government/uploads/system/uploads/attachment_data/file/7367/1934015.xls},
  year = {2017},
  author = {{UK Government}},
  title = {{Local authority revenue expenditure and financing England: 2017 to 2018, budget (Revenue Account budget)}},
  note = {Last visited on 10-03-2019},
}

@misc{England.budget.2018,
  url = {https://www.gov.uk/government/uploads/system/uploads/attachment_data/file/7369/2179334.xls},
  year = {2018},
  author = {{UK Government}},
  title = {{Local authority revenue expenditure and financing England: 2018 to 2019, budget (Revenue Account budget)}},
  note = {Last visited on 10-03-2019},
}

@misc{England.i.e.2017,
  url = {https://assets.publishing.service.gov.uk/government/uploads/system/uploads/attachment_data/file/757366/RO2_2017-18_data_by_LA.xlsx},
  year = {2019},
  author = {{UK Government}},
  title = {{Local authority revenue expenditure and financing England: 2017 to 2018, individual local authority data - outturn}},
  note = {Last visited on 10.03.2019},
}

@misc{GB.rpi.2018,
  url = {https://www.ons.gov.uk/economy/inflationandpriceindices},
  year = {2023},
  author = {{Office for National Statistics}},
  title = {{Inflation and price indices}},
  note = {Last visited on 14.08.2023},
}

@misc{Wales.i.e.2017,
  url = {https://statswales.gov.wales/Catalogue/Local-Government/Finance/Revenue/Transport/RoadsAndTransportRevenueExpenditure-by-authority},
  year = {2023},
  author = {{Welsh Government}},
  title = {{Revenue outturn expenditure: roads and transport (Table LGFS0009)}},
  note = {Last visited on 20.04.2023},
}

@misc{Scotland.i.e.2021,
  url = {https://www.gov.scot/binaries/content/documents/govscot/publications/statistics/2023/02/scottish-local-government-finance-statistics-2021-22/documents/copy-scottish-local-government-finance-statistics-slgfs-2021-22-la-level-net-revenue-expenditure-subservice/copy-scottish-local-government-finance-statistics-slgfs-2021-22-la-level-net-revenue-expenditure-subservice/govscot%3Adocument/copy-scottish-local-government-finance-statistics-slgfs-2021-22-la-level-net-revenue-expenditure-subservice.xlsx},
  year = {2023},
  author = {{Scottish Government}},
  title = {Scottish Local Government Finance Statistics 2019-20: Local Authority Level Analysis - Net Revenue Expenditure by Subservice},
  note = {Last visited on 26.04.2023},
}

@misc{England.i.e.2018,
  url = {https://assets.publishing.service.gov.uk/government/uploads/system/uploads/attachment_data/file/846282/RO2_2018-19_data_by_LA.xlsx},
  year = {2019},
  author = {{UK Government}},
  title = {{Local authority revenue expenditure and financing England: 2018-19, individual local authority data - outturn}},
  note = {Last visited on 20.11.2019},
}

@misc{England.budg.2019,
  url = {https://assets.publishing.service.gov.uk/government/uploads/system/uploads/attachment_data/file/812517/RA_2019-20_data_by_LA.xlsx},
  year = {2019},
  author = {{UK Government}},
  title = {{Local authority revenue expenditure and financing England: 2019 to 2020 budget (Revenue Account budget)}},
  note = {Last visited on 20.11.2019},
}

@misc{England.i.e.2019,
  url = {https://assets.publishing.service.gov.uk/government/uploads/system/uploads/attachment_data/file/992910/RO2_2019-20_data_by_LA.ods},
  year = {2019},
  author = {{UK Government}},
  title = {{Local authority revenue expenditure and financing England: 2019-20, individual local authority data - outturn}},
  note = {Last visited on 11.04.2023},
}

@misc{England.budg.2020,
  url = {https://assets.publishing.service.gov.uk/government/uploads/system/uploads/attachment_data/file/922964/RA_2020-21_data_by_LA_rev.xlsx},
  year = {2020},
  author = {{UK Government}},
  title = {{Local authority revenue expenditure and financing England: 2020 to 2021 budget (Revenue Account budget)}},
  note = {Last visited on 22.04.2023},
}

@misc{England.i.e.2020,
  url = {https://assets.publishing.service.gov.uk/government/uploads/system/uploads/attachment_data/file/1112587/RO2_2020-21_data_by_LA.ods},
  year = {2022},
  author = {{UK Government}},
  title = {{Local authority revenue expenditure and financing England: 2021-21, individual local authority data - outturn}},
  note = {Last visited on 13.04.2023},
}

@misc{England.budg.2021,
  url = {https://assets.publishing.service.gov.uk/government/uploads/system/uploads/attachment_data/file/996209/RA_2021-22_data_by_LA.ods},
  year = {2021},
  author = {{UK Government}},
  title = {{Local authority revenue expenditure and financing England: 2021 to 2022 budget (Revenue Account budget)}},
  note = {Last visited on 13.04.2023},
}

@misc{England.i.e.2021,
  url = {https://assets.publishing.service.gov.uk/government/uploads/system/uploads/attachment_data/file/1144979/RO2_2021-22_data_by_LA.ods},
  year = {2022},
  author = {{UK Government}},
  title = {{Local authority revenue expenditure and financing England: 2021-22, individual local authority data - outturn}},
  note = {Last visited on 18.04.2023},
}

@misc{England.budg.2022,
  url = {https://assets.publishing.service.gov.uk/government/uploads/system/uploads/attachment_data/file/1097173/RA_2022-23_data.ods},
  year = {2022},
  author = {{UK Government}},
  title = {{Local authority revenue expenditure and financing England: 2022 to 2023 budget (Revenue Account budget)}},
  note = {Last visited on 18.04.2023},
}
