@misc{GB.rpi.2018,
  url = {https://www.ons.gov.uk/economy/inflationandpriceindices},
  year = {2023},
  author = {{Office for National Statistics}},
  title = {{Inflation and price indices}},
  note = {Last visited on 02.05.2023},
}

@misc{GB.map.2018,
  url = {http://geoportal1-ons.opendata.arcgis.com/datasets/3dc07a60f46b4e01ab0ec8ba71c7a879_3.zip},
  year = {2017},
  author = {{Office for National Statistics}},
  title = {{Local Administrative Units Level 1 (January 2018) Super Generalised Clipped Boundaries in United Kingdom}},
  note = {Last visited on 10.03.2019},
}

@misc{Wales.i.e.2017,
  url = {https://statswales.gov.wales/Catalogue/Local-Government/Finance/Revenue/Transport/RoadsAndTransportRevenueExpenditure-by-authority},
  year = {2023},
  author = {{Welsh Government}},
  title = {{Revenue outturn expenditure: roads and transport (Table LGFS0009)}},
  note = {Last visited on 20.04.2023},
}

@misc{Scotland.i.e.2017,
  url = {https://www.gov.scot/binaries/content/documents/govscot/publications/statistics/2018/02/scottish-local-government-financial-statistics-2016-17/documents/scottish-local-government-financial-statistics-2016-17-annex-a-by-la-table/scottish-local-government-financial-statistics-2016-17-annex-a-by-la-table/govscot%3Adocument/Scottish%2Blocal%2Bgovernment%2Bfinancial%2Bstatistics%2B2016-17%2Bannex%2Ba%2Bby%2Bla%2Btable.xlsx},
  year = {2019},
  author = {{Scottish Government}},
  title = {Scottish Local Government Finance Statistics 2017-18 Annex A by LA},
  note = {Last visited on 20.04.2023},
}

@misc{Scotland.pdf.2017,
  url = {https://www.transport.gov.scot/publication/decriminalised-parking-enforcement-local-authorities-income-and-expenditure-2017-to-2018/},
  year = {2018},
  author = {{Transport Scotland}},
  title = {Decriminalised Parking Enforcement: Local Authorites’ Income
and Expenditure: 2016 to 2017},
  note = {Last visited on 20.04.2023},
}

@misc{England.i.e.2021,
  url = {https://assets.publishing.service.gov.uk/government/uploads/system/uploads/attachment_data/file/1144979/RO2_2021-22_data_by_LA.ods},
  year = {2022},
  author = {{UK Government}},
  title = {{Local authority revenue expenditure and financing England: 2021-22, individual local authority data - outturn}},
  note = {Last visited on 18.04.2023},
}

@misc{Scotland.i.e.2018,
  url = {https://www.gov.scot/binaries/content/documents/govscot/publications/statistics/2020/02/scottish-local-government-finance-statistics-slgfs-2018-19/documents/slgfs-2018-19---la-level---2--net-revenue-expenditure-by-subservice/slgfs-2018-19---la-level---2--net-revenue-expenditure-by-subservice/govscot%3Adocument/SLGFS%2B2018-19%2B-%2BLA%2BLevel%2B-%2B2.%2BNet%2BRevenue%2BExpenditure%2Bby%2BSubservice.xlsx},
  year = {2020},
  author = {{Scottish Government}},
  title = {Scottish Local Government Finance Statistics 2018-19: Local Authority Level Analysis - Net Revenue Expenditure by Subservice},
  note = {Last visited on 20.04.2023},
}

@misc{Scotland.pdf.2018,
  url = {https://www.transport.gov.scot/media/46552/decriminalised-parking-enforcement-income-expenditure-annual-report-2018-19.pdf},
  year = {2018},
  author = {{Transport Scotland}},
  title = {Decriminalised Parking Enforcement: Local Authorites’ Income
and Expenditure: 2018 to 2019},
  note = {Last visited on 20.04.2023},
}

@misc{Scotland.i.e.2019,
  url = {https://www.gov.scot/binaries/content/documents/govscot/publications/statistics/2021/04/scottish-local-government-finance-statistics-slgfs-2019-20/documents/slgfs-2019-20-la-level-2-net-revenue-expenditure-subservice/slgfs-2019-20-la-level-2-net-revenue-expenditure-subservice/govscot%3Adocument/slgfs-2019-20-la-level-2-net-revenue-expenditure-subservice.xlsx},
  year = {2021},
  author = {{Scottish Government}},
  title = {Scottish Local Government Finance Statistics 2019-20: Local Authority Level Analysis - Net Revenue Expenditure by Subservice},
  note = {Last visited on 26.04.2023},
}

@misc{Scotland.abd.2019,
  url = {https://www.aberdeencity.gov.uk/sites/default/files/2020-08/ACC%20Audited%20Annual%20Accounts%202019-20.pdf},
  year = {2020},
  author = {{Aberdeen City Council}},
  title = {{Aberdeen City Council Annual Accounts 2019-20}},
  note = {Last visited on 26.4.2023},
}

@misc{Scotland.pdf.2019,
  url = {https://www.transport.gov.scot/media/46552/decriminalised-parking-enforcement-income-expenditure-annual-report-2019-20.pdf},
  year = {2021},
  author = {{Transport Scotland}},
  title = {Decriminalised Parking Enforcement: Local Authorites’ Income
and Expenditure: 2018 to 2019},
  note = {Last visited on 26.04.2023},
}

@misc{Scotland.i.e.2020,
  url = {https://www.gov.scot/binaries/content/documents/govscot/publications/statistics/2022/03/scottish-local-government-finance-statistics-slgfs-2020-21/documents/scottish-local-government-finance-statistics-slgfs-2020-21-la-level-net-revenue-expenditure-subservice/scottish-local-government-finance-statistics-slgfs-2020-21-la-level-net-revenue-expenditure-subservice/govscot%3Adocument/scottish-local-government-finance-statistics-slgfs-2020-21-la-level-net-revenue-expenditure-subservice.xlsx},
  year = {2022},
  author = {{Scottish Government}},
  title = {Scottish Local Government Finance Statistics 2010-21: Local Authority Level Analysis - Net Revenue Expenditure by Subservice},
  note = {Last visited on 26.04.2023},
}

@misc{Scotland.abd.2020,
  url = {https://www.aberdeencity.gov.uk/sites/default/files/2021-09/Aberdeen%20City%20Council%20Audited%20Annual%20Accounts%20202021.pdf},
  year = {2021},
  author = {{Aberdeen City Council}},
  title = {{Aberdeen City Council Annual Accounts 2020-21}},
  note = {Last visited on 28.4.2023},
}

@misc{Scotland.pdf.2020,
  url = {https://www.transport.gov.scot/media/51930/decriminalised-parking-enforcement-income-and-expenditure-2020-to-2021-revised-report-19-july-2022.pdf},
  year = {2022},
  author = {{Transport Scotland}},
  title = {Decriminalised Parking Enforcement: Local Authorites’ Income
and Expenditure: 2020 to 2021},
  note = {Last visited on 26.06.2023},
}

@misc{Scotland.i.e.2021,
  url = {https://www.gov.scot/binaries/content/documents/govscot/publications/statistics/2023/02/scottish-local-government-finance-statistics-2021-22/documents/copy-scottish-local-government-finance-statistics-slgfs-2021-22-la-level-net-revenue-expenditure-subservice/copy-scottish-local-government-finance-statistics-slgfs-2021-22-la-level-net-revenue-expenditure-subservice/govscot%3Adocument/copy-scottish-local-government-finance-statistics-slgfs-2021-22-la-level-net-revenue-expenditure-subservice.xlsx},
  year = {2023},
  author = {{Scottish Government}},
  title = {Scottish Local Government Finance Statistics 2019-20: Local Authority Level Analysis - Net Revenue Expenditure by Subservice},
  note = {Last visited on 26.04.2023},
}

@misc{Scotland.pdf.2021,
  url = {https://www.transport.gov.scot/media/52668/decriminalised-parking-enforcement-local-authorities-income-and-expenditure-2021-to-2022.pdf},
  year = {2021},
  author = {{Transport Scotland}},
  title = {Decriminalised Parking Enforcement: Local Authorites’ Income
and Expenditure: 2021 to 2022},
  note = {Last visited on 26.04.2023},
}
