@misc{GB.rpi.2018,
  url = {https://www.ons.gov.uk/economy/inflationandpriceindices},
  year = {2023},
  author = {{Office for National Statistics}},
  title = {{Inflation and price indices}},
  note = {Last visited on 21.08.2023},
}

@misc{GB.map.2018,
  url = {http://geoportal1-ons.opendata.arcgis.com/datasets/3dc07a60f46b4e01ab0ec8ba71c7a879_3.zip},
  year = {2017},
  author = {{Office for National Statistics}},
  title = {{Local Administrative Units Level 1 (January 2018) Super Generalised Clipped Boundaries in United Kingdom}},
  note = {Last visited on 10.03.2019},
}

@misc{Wales.i.e.2017,
  url = {https://statswales.gov.wales/Catalogue/Local-Government/Finance/Revenue/Transport/RoadsAndTransportRevenueExpenditure-by-authority},
  year = {2023},
  author = {{Welsh Government}},
  title = {{Revenue outturn expenditure: roads and transport (Table LGFS0009)}},
  note = {Last visited on 20.04.2023},
}

@misc{England.i.e.2021,
  url = {https://assets.publishing.service.gov.uk/government/uploads/system/uploads/attachment_data/file/1144979/RO2_2021-22_data_by_LA.ods},
  year = {2022},
  author = {{UK Government}},
  title = {{Local authority revenue expenditure and financing England: 2021-22, individual local authority data - outturn}},
  note = {Last visited on 18.04.2023},
}

@misc{Scotland.i.e.2021,
  url = {https://www.gov.scot/binaries/content/documents/govscot/publications/statistics/2023/02/scottish-local-government-finance-statistics-2021-22/documents/copy-scottish-local-government-finance-statistics-slgfs-2021-22-la-level-net-revenue-expenditure-subservice/copy-scottish-local-government-finance-statistics-slgfs-2021-22-la-level-net-revenue-expenditure-subservice/govscot%3Adocument/copy-scottish-local-government-finance-statistics-slgfs-2021-22-la-level-net-revenue-expenditure-subservice.xlsx},
  year = {2023},
  author = {{Scottish Government}},
  title = {Scottish Local Government Finance Statistics 2019-20: Local Authority Level Analysis - Net Revenue Expenditure by Subservice},
  note = {Last visited on 26.04.2023},
}
